@inproceedings{Cook71TheComplexityOf,
  author    = {Stephen A. Cook},
  title     = {The Complexity of Theorem-Proving Procedures},
  booktitle = {Proceedings of the 3rd Annual {ACM} Symposium on Theory of Computing ({STOC}~'71)},
  pages     = {151\nobreakdash--158},
  year      = {1971},
  url       = {https://doi.org/10.1145/800157.805047},
  doi       = {10.1145/800157.805047},
}

@article{Levin73UniversalSearchProblems,
  author    = {Levin, Leonid A.},
  title     = {Universal Search Problems},
  journal   = {Problems of Information Transmission},
  number    = {3},
  volume    = {9},
  pages     = {115\nobreakdash--116},
  year      = {1973},
}

@book{ST12SAT,
  author    = {Uwe Sch{\"{o}}ning and
               Jacobo Tor{\'{a}}n},
  title     = {Das Erf{\"{u}}llbarkeitsproblem {SAT} -- Algorithmen und Analysen},
  series    = {Mathematik f{\"{u}}r Anwendungen},
  volume    = {1},
  publisher = {Lehmann},
  year      = {2012},
}



